<?xml version="1.0" encoding="UTF-8"?><collection><record><leader>04859ntm a2200589 a 4500</leader><controlfield tag="001">006833989</controlfield><controlfield tag="003">MiAaHDL</controlfield><controlfield tag="005">20190719000000.0</controlfield><controlfield tag="006">m        d        </controlfield><controlfield tag="007">cr bn ---auaua</controlfield><controlfield tag="008">090702s193u    xx            00| ||ara d</controlfield><datafield tag="035" ind1=" " ind2=" "><subfield code="a">(MiU)006833989</subfield></datafield><datafield tag="035" ind1=" " ind2=" "><subfield code="a">sdr-miu006833989</subfield></datafield><datafield tag="040" ind1=" " ind2=" "><subfield code="a">MiU</subfield><subfield code="c">MiU</subfield><subfield code="e">amremm</subfield></datafield><datafield tag="043" ind1=" " ind2=" "><subfield code="a">n-us-mi</subfield></datafield><datafield tag="100" ind1="1" ind2=" "><subfield code="6">880-01</subfield><subfield code="a">Fayḍ al-Kāshī, Muḥammad ibn Murtaḍá,</subfield><subfield code="d">1598 or 1599-1680 or 1681.</subfield></datafield><datafield tag="240" ind1="1" ind2="0"><subfield code="6">880-02</subfield><subfield code="a">ʻIlm al-yaqīn fī uṣūl al-dīn.</subfield><subfield code="k">Selections</subfield></datafield><datafield tag="245" ind1="1" ind2="0"><subfield code="6">880-03</subfield><subfield code="a">Kitāb ʻIlm al-yaqīn,</subfield><subfield code="f">[193-?].</subfield></datafield><datafield tag="246" ind1="3" ind2="8"><subfield code="a">علم اليقين</subfield></datafield><datafield tag="246" ind1="3" ind2=" "><subfield code="i">Title from inscription on insert (paginated pp.225-6):</subfield><subfield code="a">علم اليقين</subfield></datafield><datafield tag="246" ind1="3" ind2=" "><subfield code="i">Subtitle from inscription in pencil on opening 'title page' (p.1):</subfield><subfield code="a">مجموعة رسائل في فلسفة التكوين والعمران وغير ذلك من ابحاث قيمة</subfield></datafield><datafield tag="260" ind1=" " ind2=" "><subfield code="c">[193-?].</subfield></datafield><datafield tag="300" ind1=" " ind2=" "><subfield code="a">112 leaves :</subfield><subfield code="b">paper ;</subfield><subfield code="c">171 x 107 mm. bound to 179 x 115 mm.</subfield></datafield><datafield tag="500" ind1=" " ind2=" "><subfield code="a">Shelfmark: Ann Arbor, University of Michigan, Special Collections Library, Isl. Ms. 997</subfield></datafield><datafield tag="500" ind1=" " ind2=" "><subfield code="a">Origin: Lacks dated scribal colophon ; likely copied in Egypt in the late 1930s and bound for James Heyworth-Dunne (d.1974).</subfield></datafield><datafield tag="500" ind1=" " ind2=" "><subfield code="a">Accompanying materials: Slip at close with inscription "علم اليقين ملا محسن العوالم" likely to note how the spine should be stamped (paginted pp.225-226).</subfield></datafield><datafield tag="500" ind1=" " ind2=" "><subfield code="a">Former shelfmark: Mich. Isl. Ms. temp. no. 146</subfield></datafield><datafield tag="500" ind1=" " ind2=" "><subfield code="a">Binding: Boards covered in dark green cloth with dark green leather over spine (quarter binding) ; pastedowns and flyleaves in wove paper printed with a floral vegetal pattern in green ; spine gold-stamped with title and decorative accents over raised bands "علم اليقين ملا محسن العوالم | J.H.D." ; sewn in white thread over two recessed cords ; stuck-on endbands (blue and white stripe) ; overall in fairly good condition with minor abrasion and slight spine slant.</subfield></datafield><datafield tag="500" ind1=" " ind2=" "><subfield code="a">Support: Sturdy machine wove paper.</subfield></datafield><datafield tag="500" ind1=" " ind2=" "><subfield code="a">Decoration: Text almost entirely executed in a pinkish-red ink (only pp.143-149 in a brownish-black ink).</subfield></datafield><datafield tag="500" ind1=" " ind2=" "><subfield code="a">Script: Ruqʻah ; quick, compact hand in a medium line ; serifless and freely ligatured with effect of inclination to the left and of words descending to baseline, mainly closed counters, pointing somewhat careless and in strokes rather than distinct dots, final yāʼ usually unpointed.</subfield></datafield><datafield tag="500" ind1=" " ind2=" "><subfield code="a">Layout: Written mainly in 17 lines per page.</subfield></datafield><datafield tag="500" ind1=" " ind2=" "><subfield code="a">Collation: i, III (6), I (8), IV (16), 2 I(20), IV+I (30), 5 IV(70), VI (82), 3 IV(106), III (112), i ; chiefly quaternions ; pages between sections (mainly corresponding to gatherings though with a few constituting multiple gatherings) left blank with some carrying section titles in pencil (see pp.33, 41, 181, 213) ; catchwords present ; pagination in pencil, Western numerals, supplied during digitization (includes insert).</subfield></datafield><datafield tag="500" ind1=" " ind2=" "><subfield code="a">Explicit: "والاسمى حقيقا والنية بينها كالنية بين المطر والثلج"</subfield></datafield><datafield tag="500" ind1=" " ind2=" "><subfield code="a">Incipit: "شرف العلم بشرف موضوعه فأشرف العلوم علم التوحيد لكون موضوعه ذات الله سبحانه وصفاته وبعبارة اخرى ووجه اعلى هو الموجود بما هو موجود ..."</subfield></datafield><datafield tag="500" ind1=" " ind2=" "><subfield code="a">Title from inscription on opening 'title page' (p.1).</subfield></datafield><datafield tag="500" ind1=" " ind2=" "><subfield code="a">Ms. codex.</subfield></datafield><datafield tag="510" ind1="4" ind2=" "><subfield code="a">Brockelmann, C. GAL,</subfield><subfield code="c">S II 584 ; II 413</subfield></datafield><datafield tag="520" ind1="8" ind2=" "><subfield code="a">Careful copy of selections from ʻIlm al-yaqīn, the work on mystical philosophy by Muḥsin-i Fayz̤-i Kāshānī (d.1679) known as Mullā Muḥsin, a student of Mullā Ṣadrā Shīrāzī (d.1641).</subfield></datafield><datafield tag="538" ind1=" " ind2=" "><subfield code="a">Mode of access: Internet.</subfield></datafield><datafield tag="541" ind1=" " ind2=" "><subfield code="a">Acquired in the Fall of 1950.</subfield></datafield><datafield tag="546" ind1=" " ind2=" "><subfield code="a">Arabic.</subfield></datafield><datafield tag="561" ind1=" " ind2=" "><subfield code="a">On upper pastedown, label with ex libris of James Heyworth-Dunne (d.1974), stamped with inventory number, "Ex Libris | J. Heyworth-Dunne | D. Lit. (London) | No. 7941" ; UM Library inscription on p.3 "Dunning | Heyworth-Dunne | 6-13-51 | 71955" ; possible former inventory mark "231/55" on verso of final leaf (p."360") ; occasional glosses and marginal corrections.</subfield></datafield><datafield tag="650" ind1=" " ind2="0"><subfield code="a">Manuscripts, Arabic</subfield><subfield code="z">Michigan</subfield><subfield code="z">Ann Arbor.</subfield></datafield><datafield tag="650" ind1=" " ind2="0"><subfield code="a">Sufism</subfield><subfield code="v">Early works to 1800.</subfield></datafield><datafield tag="650" ind1=" " ind2="0"><subfield code="a">Islamic ethics</subfield><subfield code="v">Early works to 1800.</subfield></datafield><datafield tag="650" ind1=" " ind2="0"><subfield code="a">Islamic philosophy</subfield><subfield code="v">Early works to 1800.</subfield></datafield><datafield tag="700" ind1="1" ind2=" "><subfield code="a">Heyworth-Dunne, J.</subfield><subfield code="q">(James),</subfield><subfield code="e">former owner.</subfield></datafield><datafield tag="773" ind1="0" ind2=" "><subfield code="a">Heyworth-Dunne Collection.</subfield></datafield><datafield tag="880" ind1="1" ind2="0"><subfield code="6">245-03/</subfield><subfield code="a">كتاب علم اليقين,</subfield><subfield code="f">[193-م?].</subfield></datafield><datafield tag="880" ind1="1" ind2="0"><subfield code="6">240-02/</subfield><subfield code="a">علم اليقين في اصول الدين.</subfield><subfield code="k">مختارات</subfield></datafield><datafield tag="880" ind1="1" ind2=" "><subfield code="6">100-01/</subfield><subfield code="a">فيض الكاشى ، محمد بن مرتضى.</subfield></datafield><datafield tag="CID" ind1=" " ind2=" "><subfield code="a">006833989</subfield></datafield><datafield tag="DAT" ind1="0" ind2=" "><subfield code="a">20190719102641.0</subfield><subfield code="b">20190719000000.0</subfield></datafield><datafield tag="DAT" ind1="1" ind2=" "><subfield code="a">20190719090653.0</subfield><subfield code="b">2019-07-19T16:12:31Z</subfield></datafield><datafield tag="DAT" ind1="2" ind2=" "><subfield code="a">2015-10-10T18:00:06Z</subfield></datafield><datafield tag="CAT" ind1=" " ind2=" "><subfield code="a">SDR-MIU</subfield><subfield code="d">EX LIBRIS - ALEPH</subfield><subfield code="l">prepare.pl-004-008</subfield></datafield><datafield tag="FMT" ind1=" " ind2=" "><subfield code="a">BK</subfield></datafield><datafield tag="HOL" ind1=" " ind2=" "><subfield code="0">sdr-miu006833989</subfield><subfield code="a">MiU</subfield><subfield code="b">SDR</subfield><subfield code="c">MIU</subfield><subfield code="p">mdp.39015079131846</subfield><subfield code="s">MIU</subfield><subfield code="1">006833989</subfield></datafield><datafield tag="974" ind1=" " ind2=" "><subfield code="b">MIU</subfield><subfield code="c">MIU</subfield><subfield code="d">20190719</subfield><subfield code="s">lit-dlps-dc</subfield><subfield code="u">mdp.39015079131846</subfield><subfield code="y">1939</subfield><subfield code="r">ic-world</subfield><subfield code="q">man</subfield></datafield></record></collection>